%
% This file is part of 'isamon'
%
% Copyright (c) 2017, Martin Pumr
% All rights reserved.
%
% Redistribution and use in source and binary forms, with or without
% modification, are permitted provided that the following conditions are met:
%      * Redistributions of source code must retain the above copyright
%        notice, this list of conditions and the following disclaimer.
%      * Redistributions in binary form must reproduce the above copyright
%        notice, this list of conditions and the following disclaimer in the
%        documentation and/or other materials provided with the distribution.
%      * Neither the name of the <organization> nor the
%        names of its contributors may be used to endorse or promote products
%        derived from this software without specific prior written permission.
%
% THIS SOFTWARE IS PROVIDED BY THE COPYRIGHT HOLDERS AND CONTRIBUTORS "AS IS" AND
% ANY EXPRESS OR IMPLIED WARRANTIES, INCLUDING, BUT NOT LIMITED TO, THE IMPLIED
% WARRANTIES OF MERCHANTABILITY AND FITNESS FOR A PARTICULAR PURPOSE ARE
% DISCLAIMED. IN NO EVENT SHALL MARTIN PUMR BE LIABLE FOR ANY
% DIRECT, INDIRECT, INCIDENTAL, SPECIAL, EXEMPLARY, OR CONSEQUENTIAL DAMAGES
% (INCLUDING, BUT NOT LIMITED TO, PROCUREMENT OF SUBSTITUTE GOODS OR SERVICES;
% LOSS OF USE, DATA, OR PROFITS; OR BUSINESS INTERRUPTION) HOWEVER CAUSED AND
% ON ANY THEORY OF LIABILITY, WHETHER IN CONTRACT, STRICT LIABILITY, OR TORT
% (INCLUDING NEGLIGENCE OR OTHERWISE) ARISING IN ANY WAY OUT OF THE USE OF THIS
% SOFTWARE, EVEN IF ADVISED OF THE POSSIBILITY OF SUCH DAMAGE.

% -------------------------------------------------------------------- %
%						AKADEMICKE PRACE
% -------------------------------------------------------------------- %
@MasterThesis{DOC_lomnicky,
	author = {Marek Lomnick{\'{y}}},
	title = {Anal{\'{y}}za a demonstrace vybran{\'{y}}ch L2
	{\'{u}}tok{\r{u}}},
	school = {Vysok{\'{e}} u{\v{c}}en{\'{i}} technick{\'{e}} v Brn{\v{e}},
	Fakulta informa{\v{c}}n{\'{i}}ch technologi{\'{i}}},
	year = {2009},
	location = {Brno, CZ},
	language = {czech},
	url = {http://www.fit.vutbr.cz/study/DP/DP.php?id=9027}
}

@book{MatousekPetr2014Saaj,
	publisher = "VUTIUM",
	isbn = "978-80-214-3766-1",
	year = "2014",
	title = "Síťové aplikace a jejich architektura",
	edition = "1. vyd.",
	language = "cze",
	address = "Brno",
	author = "Matoušek, Petr",
	keywords = "počítačové sítě vt; TCP vt; IP vt; architektura sítí; síťové aplikace; síťové služby; správa počítačových sítí",
}

% -------------------------------------------------------------------- %
%						RFC
% https://www.rfc-editor.org/refs/ref<RFC_NUM>.txt
% -------------------------------------------------------------------- %
@techreport{RFC0826,
	AUTHOR = "Plummer C., David",
	TITLE = "{Ethernet Address Resolution Protocol: Or Converting Network Protocol Addresses to 48.bit Ethernet Address for Transmission on Ethernet Hardware}",
	HOWPUBLISHED = {Internet Requests for Comments},
	TYPE="{RFC}",
	NUMBER=0826,
	YEAR = {1982},
	MONTH = {November},
	PUBLISHER = "{RFC Editor}",
	INSTITUTION = "{RFC Editor}",
	URL={https://www.rfc-editor.org/info/rfc826}
}

@techreport{RFC1042,
	AUTHOR = "Postel, J. and J. Reynolds",
	TITLE = "{Standard for the transmission of IP datagrams over IEEE 802 networks}",
	HOWPUBLISHED = {Internet Requests for Comments},
	TYPE="{RFC}",
	NUMBER=1042,
	PAGES = {1-15},
	YEAR = {1988},
	MONTH = {February},
	PUBLISHER = "{RFC Editor}",
	INSTITUTION = "{RFC Editor}",
	URL={https://www.rfc-editor.org/info/rfc1042}
}

@techreport{RFC5227,
	AUTHOR = "Cheshire, S.",
	TITLE = "{IPv4 Address Conflict Detection}",
	HOWPUBLISHED = {Internet Requests for Comments},
	TYPE="{RFC}",
	NUMBER=5227,
	YEAR = {2008},
	MONTH = {July},
	PUBLISHER = "{RFC Editor}",
	INSTITUTION = "{RFC Editor}",
	URL={https://www.rfc-editor.org/info/rfc5227}
}

@techreport{RFC0777,
	AUTHOR = "Postel, J.",
	TITLE = "{Internet Control Message Protocol}",
	HOWPUBLISHED = {Internet Requests for Comments},
	TYPE="{RFC}",
	NUMBER=0777,
	PAGES = {1-13},
	YEAR = {1981},
	MONTH = {April},
	PUBLISHER = "{RFC Editor}",
	INSTITUTION = "{RFC Editor}",
	URL={https://www.rfc-editor.org/info/rfc0777}
}

@techreport{RFC1122,
	AUTHOR = "Braden, R., Ed.",
	TITLE = "{Requirements for Internet Hosts - Communication Layers}",
	HOWPUBLISHED = {Internet Requests for Comments},
	TYPE="{RFC}",
	NUMBER=1122,
	PAGES = {1-116},
	YEAR = {1989},
	MONTH = {October},
	PUBLISHER = "{RFC Editor}",
	INSTITUTION = "{RFC Editor}",
	URL={https://www.rfc-editor.org/info/rfc1122}
}

@techreport{RFC3021,
	AUTHOR = "Retana, A., White, R., Fuller, V., and D. McPherson",
	TITLE = "{Using 31-Bit Prefixes on IPv4 Point-to-Point Links}",
	HOWPUBLISHED = {Internet Requests for Comments},
	TYPE="{RFC}",
	NUMBER=3021,
	PAGES = {1-116},
	YEAR = {2000},
	MONTH = {December},
	PUBLISHER = "{RFC Editor}",
	INSTITUTION = "{RFC Editor}",
	URL={https://www.rfc-editor.org/info/rfc3021}
}

% -------------------------------------------------------------------- %
%						WIKI
% -------------------------------------------------------------------- %
@misc{ WIKI_wellKnownPorts,
	author = "Wikipedia",
	title = "List of TCP and UDP port numbers --- Wikipedia{,} The Free Encyclopedia",
	year = "2017",
	url = "https://en.wikipedia.org/w/index.php?title=List_of_TCP_and_UDP_port_numbers&oldid=810148705",
	note = "[Online; accessed 19-November-2017]"
}

@misc{ WIKI_portScanningTechiques,
	author = "Wikipedia",
	title = "Port scanner --- Wikipedia{,} The Free Encyclopedia",
	year = "2017",
	url = "https://en.wikipedia.org/w/index.php?title=Port_scanner&oldid=810032968",
	note = "[Online; accessed 19-November-2017]"
}

@misc{ WIKI_TCP,
	author = "Wikipedia",
	title = "Transmission Control Protocol --- Wikipedia{,} The Free Encyclopedia",
	year = "2017",
	url = "https://en.wikipedia.org/w/index.php?title=Transmission_Control_Protocol&oldid=810596475",
	note = "[Online; accessed 19-November-2017]"
  }

@misc{ WIKI_UDP,
	author = "Wikipedia",
	title = "User Datagram Protocol --- Wikipedia{,} The Free Encyclopedia",
	year = "2017",
	url = "https://en.wikipedia.org/w/index.php?title=User_Datagram_Protocol&oldid=805027104",
	note = "[Online; accessed 19-November-2017]"
}

@misc{WIKI_SYNFlood,
	author = "Wikipedia",
	title = "SYN flood --- Wikipedia{,} The Free Encyclopedia",
	year = "2017",
	url = "https://en.wikipedia.org/w/index.php?title=SYN_flood&oldid=773976851",
	note = "[Online; accessed 19-November-2017]"
}
% -------------------------------------------------------------------- %
%						CLANKY, MANPAGE, ...
% -------------------------------------------------------------------- %
@Manual{DOC_man_NMAP,
	title        = "Chapter 15. Nmap Reference Guide",
	howpublished = "online",
	year         = "2012",
	cited        = "!2017-04-21",
	url          = "https://nmap.org/book/man-port-scanning-techniques.html",
}
